% Place any BibTeX entries here. These should be arranged in alphabetical order
% by key.

